@article{SIFT,
    author = {David G. Lowe},
    title={Distinctive Image Features from Scale-Invariant Keypoints},
    journal={International Journal of Computer Vision},
    year={2004},
    volume={60},
    pages= {91--110}
}

@misc{marcon2013,
     author={Yann {Marcon} and Heiko {Sahling} and Gerhard {Bohrmann}},
      title={{Large-Area Photo-Mosaicking tool (LAPM tool)}},
       year={2013},
        doi={10.1594/PANGAEA.808960},
         url={https://doi.pangaea.de/10.1594/PANGAEA.808960},
          note={Supplement to: Marcon, Yann; Sahling, Heiko; Bohrmann, Gerhard (2013): LAPM: a tool for underwater large-area photo-mosaicking. Geoscientific Instrumentation, Methods and Data Systems, 2(2), 189-198, doi:10.5194/gi-2-189-2013},
           abstract={This paper presents a new tool for large-area photo-mosaicking (LAPM tool). This tool was developed specifically for the purpose of underwater mosaicking, and it is aimed at providing end-user scientists with an easy and robust way to construct large photo-mosaics from any set of images. It is notably capable of constructing mosaics with an unlimited number of images on any modern computer (minimum 1.30 GHz, 2 GB RAM). The mosaicking process
                     can rely on both feature matching and navigation data. This is complemented by an intuitive graphical user interface, which gives the user the ability to select feature matches between any pair of overlapping images. Finally, mosaic files are given geographic attributes that permit direct import into ArcGIS. So far, the LAPM tool has been successfully used to construct geo-referenced photo-mosaics with photo and video material from several
                     scientific cruises. The largest photo-mosaic contained more than 5000 images for a total area of about 105,000 m**2. This is the first article to present and to provide a finished and functional program to construct large geo-referenced photo-mosaics of the seafloor using feature detection and matching techniques. It also presents concrete examples of photo-mosaics produced with the LAPM tool.},
     type={data set},
      publisher={PANGAEA}
}
@INPROCEEDINGS{Baumberg, 
    author={A. Baumberg}, 
    booktitle={Computer Vision and Pattern Recognition, 2000. Proceedings. IEEE Conference on}, 
    title={Reliable feature matching across widely separated views}, 
    year={2000}, 
    volume={1}, 
    pages={774-781 vol.1}, 
    doi={10.1109/CVPR.2000.855899}, 
    ISSN={1063-6919}, 
}
@article{suav,
    author={},
    title={A semi automatic technique for Rapid Environmental Assessment in the coastal zone using Small Unmanned Aerial Vehicles (SUAV)},
    journal={Journal of Coastal Research, Special Issue 64},
    year={2011},
    pages={1755--1759},
    }

@article{water, 
    author={Rajiv Kumar Nath and Swapan Kumar Deb},
    title={Water-Body Area Extraction From High Resolution Satellite Images-An Introduction, Review, and Comparison},
    volume={3}, 
    issue={6}, 
    month={January}, 
    year={2010},
    journal={International Journal of Image Processing}
}

@article{SURF, 
    author={Herbert Bay and Andreas Ess and Tinne Tuytelaars and Luc Van Gool},
    title={Speeded-up Robust Features (SURF)},
    journal={Computer Vision and Image Understanding},
    year={2008},
    volume={110},
    number={3},
    pages={346--359},
    publisher={Elsevier Science Inc.}
}

@INPROCEEDINGS{Bekele, 
    author={Bekele, D. and Teutsch, M. and Schuchert, T.}, 
    booktitle={Image Processing (ICIP), 2013 20th IEEE International Conference on}, 
    title={Evaluation of binary keypoint descriptors}, 
    year={2013}, 
    pages={3652-3656}, 
    keywords={feature extraction;image matching;image retrieval;mobile computing;object tracking;random processes;statistical testing;BRIEF;BRISK;FREAK;ORB;Oxford data set;RANSAC;SMVS data set;Stanford mobile visual search;binary keypoint descriptors;characteristic transformations;matching;mobile applications;mobile devices;mobile feature tracking;random sammple consensus;ratio-test;binary descriptors;evaluation;invariance;matching;mobile feature
        tracking;recognition}, 
    doi={10.1109/ICIP.2013.6738753}, 
    month={Sept}
}

@INPROCEEDINGS{ORB, 
    author={Rublee, E. and Rabaud, V. and Konolige, K. and Bradski, G.}, 
    booktitle={Computer Vision (ICCV), 2011 IEEE International Conference on}, 
    title={ORB: An efficient alternative to SIFT or SURF}, 
    year={2011}, 
    pages={2564-2571}, 
    keywords={computer vision;image matching;object detection;object recognition;tracking;transforms;BRIEF;ORB;SIFT;SURF;binary descriptor;computer vision;feature matching;noise resistance;object detection;object recognition;patch-tracking;smart phone;Boats}, 
    doi={10.1109/ICCV.2011.6126544}, 
    ISSN={1550-5499}, 
    month={Nov},
}

@ARTICLE{Schmid, 
    author={Mikolajczyk, K. and Schmid, C.}, 
    journal={Pattern Analysis and Machine Intelligence, IEEE Transactions on}, 
    title={A performance evaluation of local descriptors}, 
    year={2005}, 
    volume={27}, 
    number={10}, 
    pages={1615-1630}, 
    keywords={correlation methods;filtering theory;image classification;image matching;complex filters;cross-correlation;image matching;image transformations;local descriptors;moment invariants;performance evaluation;spin images;steerable filters;Detectors;Filters;Image databases;Image recognition;Image retrieval;Information retrieval;Layout;Performance evaluation;Robustness;Spatial databases;Index Terms- Local descriptors;interest points;interest
        regions;invariance;matching;recognition.;Algorithms;Artificial Intelligence;Computer Simulation;Data Interpretation, Statistical;Image Enhancement;Image Interpretation, Computer-Assisted;Information Storage and Retrieval;Models, Statistical;Pattern Recognition, Automated;Software;Software Validation}, 
    doi={10.1109/TPAMI.2005.188}, 
    ISSN={0162-8828}, 
    month={Oct},}

@ARTICLE{pizarro, 
    author={Pizarro, O. and Singh, H.}, 
    journal={Oceanic Engineering, IEEE Journal of}, 
    title={Toward large-area mosaicing for underwater scientific applications}, 
    year={2003}, 
    volume={28}, 
    number={4}, 
    pages={651-672}, 
    doi={10.1109/JOE.2003.819154}, 
    ISSN={0364-9059}, 
    month={Oct},}

@unpublished{pizarro-thesis,
    author={Oscar Pizarro},
    title={Large Area Underwater Mosaicing for Scientific Applications},
    school={Massachusetts Institute of Technology and Woods Hole Oceanographic Institution},
    year={2003},
    note={M.S. thesis retrieved from http://hdl.handle.net/1721.1/91909}
}

@INPROCEEDINGS{Eustice, 
    author={Eustice, R. and Pizarro, O. and Singh, H. and Howland, J.}, 
    title={UWIT: Underwater Image Toolbox for optical image processing and mosaicking in MATLAB}, 
    booktitle={Proceedings of the 2002 International Symposium on Underwater Technology in Toyko, Japan}, 
    year={2002}, 
    pages={141â€“145},
}

@INPROCEEDINGS{large-pizarro, 
    author={O. Pizarro and R. Eustice and H. Singh}, 
    booktitle={OCEANS 2004. MTTS/IEEE TECHNO-OCEAN}, 
    title={Large area 3D reconstructions from underwater surveys}, 
    year={2004}, 
    volume={2}, 
    pages={678-687}, 
    keywords={Doppler measurement;computer vision;image reconstruction;image segmentation;navigation;oceanography;optical images;photogrammetry;seafloor phenomena;underwater vehicles;3D reconstruction;3D submap;Doppler velocity log;camera system;compass pose;computer vision;coral reef;depth sensor;drifting pose information;navigation sensor;ocean floor;oceanographic survey;optical image survey;photogrammetry;robotic underwater vehicle;significant 3D
              structure;underwater mosaic;underwater survey;wide-baseline imagery;Absorption;Backscatter;Cameras;Humans;Image reconstruction;Layout;Oceans;Optical sensors;Robot vision systems;Underwater vehicles}, 
    doi={10.1109/OCEANS.2004.1405509}, 
    month={Nov},}

@INPROCEEDINGS{mosaic-error, 
    author={C. Roman and H. Singh}, 
    booktitle={OCEANS, 2001. MTS/IEEE Conference and Exhibition}, 
    title={Estimation of error in large area underwater photomosaics using vehicle navigation data}, 
    year={2001}, 
    volume={3}, 
    pages={1849-1853 vol.3}, 
    keywords={geophysical signal processing;geophysical techniques;image segmentation;oceanographic techniques;seafloor phenomena;AUV;ROV;Underwater Mapping;dimensional errors;error;error growth;geophysical measurement technique;image processing;large area underwater photomosaics;mosaic;mosaicking;ocean;optical imaging;seafloor;vehicle navigation;Acoustic distortion;Acoustic sensors;Estimation error;Frequency estimation;Laboratories;Navigation;Optical imaging;Remotely
              operated vehicles;Shape;Underwater vehicles}, 
    doi={10.1109/OCEANS.2001.968127}, 
    month={},}

@INPROCEEDINGS{vent-growth, 
    author={A. Bodenmann and B. Thornton and T. Ura}, 
    booktitle={2014 IEEE/OES Autonomous Underwater Vehicles (AUV)}, 
    title={Visual 3D mapping to measure hydrothermal deposit growth rates at a man-made deep sea vent}, 
    year={2014}, 
    pages={1-4}, 
    keywords={archaeology;automatic optical inspection;environmental monitoring (geophysics);geophysical image processing;image colour analysis;seafloor phenomena;3D mapping system;colour images;environment monitoring;hydrothermal activity;hydrothermal deposit growth rate;hydrothermal fluid;inspection;light attenuation;man-made deep sea vent;man-made hydrothermal vent;man-made structure;marine mineral;underwater archaeology;underwater images;underwater imaging
              system;underwater vehicle;visual 3D mapping;Cameras;Image color analysis;Lasers;Three-dimensional displays;Vents;Visualization}, 
    doi={10.1109/AUV.2014.7054421}, 
    ISSN={1522-3167}, 
    month={Oct},}

@INPROCEEDINGS{Ameyah, 
    author={Amayeh, G. and Kasaei, S. and Bebis, G. and Tavakkoli, A. and Veropoulos, K.}, 
    booktitle={Signal Processing and Its Applications, 2007. ISSPA 2007. 9th International Symposium on}, 
    title={Improvement of Zernike moment descriptors on affine transformed shapes}, 
    year={2007}, 
    pages={1-4}, 
    doi={10.1109/ISSPA.2007.4555333}, 
    month={Feb},}

@INPROCEEDINGS{Bin, 
    author={Ye Bin and Peng Jia-xiong}, 
    booktitle={Computer Graphics and Image Processing, 2002. Proceedings. XV Brazilian Symposium on}, 
    title={Improvement and invariance analysis of Zernike moments using as a region-based shape descriptor}, 
    year={2002}, 
    pages={120-127}, 
    doi={10.1109/SIBGRA.2002.1167134}, 
    ISSN={1530-1834}, 
    month={},}

@INPROCEEDINGS{Zhang, 
    author={Dengsheng Zhang and Guojun Lu}, 
    booktitle={Multimedia and Expo, 2001. ICME 2001. IEEE International Conference on}, 
    title={Content-based shape retrieval using different shape descriptors: a comparative study}, 
    year={2001}, 
    pages={1139-1142}, 
    keywords={Australia;Cascading style sheets;Content based retrieval;Fourier transforms;Image retrieval;Information technology;MPEG 7 Standard;Multimedia computing;Robustness;Shape measurement}, 
    doi={10.1109/ICME.2001.1237928}, 
    month={Aug},}

@INPROCEEDINGS{Pires, 
    author={Pires, B.E. and Aguiar, P.M.Q.}, 
    booktitle={Image Processing, 2005. ICIP 2005. IEEE International Conference on}, 
    title={Featureless global alignment of multiple images}, 
    year={2005}, 
    volume={1}, 
    pages={I-57-60}, 
    doi={10.1109/ICIP.2005.1529686}, 
    month={Sept},}

@INPROCEEDINGS{Fitzgibbon, 
    author={Fitzgibbon, A.W.}, 
    booktitle={Computer Vision, 2001. ICCV 2001. Proceedings. Eighth IEEE International Conference on}, 
    title={Stochastic rigidity: image registration for nowhere-static scenes}, 
    year={2001}, 
    volume={1}, 
    pages={662-669 vol.1}, 
    keywords={image registration;image sequences;random noise;time series;image registration;images sequences registration;nowhere-static scenes;panning shot;random noise;random process;stochastic model;stochastic rigidity;sunflowers;videotexture;videotextures;Broadcasting;Cameras;Geometry;Image generation;Image registration;Layout;Multimedia communication;Registers;Stochastic processes;Stochastic resonance}, 
    doi={10.1109/ICCV.2001.937584}, 
    month={},}

@ARTICLE{Rav-Acha, 
    author={Rav-Acha, A. and Pritch, Y. and Lischinski, D. and Peleg, S.}, 
    journal={Pattern Analysis and Machine Intelligence, IEEE Transactions on}, 
    title={Dynamosaicing: Mosaicing of Dynamic Scenes}, 
    year={2007}, 
    volume={29}, 
    number={10}, 
    pages={1789-1801}, 
    keywords={image segmentation;image sequences;video cameras;video signal processing;dynamic scene mosaicing;dynamosaicing;max-flow method;optimal time front geometry;space-time volume;video editing;video time manipulation;Cameras;Geometry;Image coding;Image sequence analysis;Layout;Manipulator dynamics;Motion pictures;Robustness;Video sequences;dynamic scene;graph cuts;panoramic mosaicing;space-time volume;time manipulations;video editing;video
        mosaicing;Algorithms;Artificial Intelligence;Image Enhancement;Image Interpretation, Computer-Assisted;Information Storage and Retrieval;Pattern Recognition, Automated;Photography;Reproducibility of Results;Sensitivity and Specificity;Subtraction Technique;Video Recording}, 
    doi={10.1109/TPAMI.2007.1091}, 
    ISSN={0162-8828}, 
    month={Oct},}

@INPROCEEDINGS{incremental, 
    author={Yahyanejad, S. and Wischounig-Strucl, D. and Quaritsch, M. and Rinner, B.}, 
    booktitle={Advanced Video and Signal Based Surveillance (AVSS), 2010 Seventh IEEE International Conference on}, 
    title={Incremental Mosaicking of Images from Autonomous, Small-Scale UAVs}, 
    year={2010}, 
    pages={329-336}, 
    keywords={aerospace engineering;image segmentation;mobile robots;remotely operated vehicles;robot vision;birds eye view images;disaster management applications;environmental monitoring;image based stitching methods;image incremental mosaicking;small scale UAV;unmanned aerial vehicles;Accuracy;Cameras;Feature extraction;Measurement;Pixel;Surveillance;Unmanned aerial vehicles}, 
    doi={10.1109/AVSS.2010.14}, 
    month={Aug},}

@INPROCEEDINGS{caballero, 
    author={Caballero, F. and Merino, L. and Ferruz, J. and Ollero, A.}, 
    booktitle={Robotics and Automation, 2007 IEEE International Conference on}, 
    title={Homography Based Kalman Filter for Mosaic Building. Applications to UAV position estimation}, 
    year={2007}, 
    pages={2004-2009}, 
    keywords={aerospace robotics;image sequences;mobile robots;remotely operated vehicles;robot vision;UAV position estimation;aerial robot;homography based Kalman filter;image sequence;mosaic building;quasiplanar scenes;Automatic control;Cameras;Covariance matrix;Layout;Motion estimation;Robot control;Robot vision systems;Robotics and automation;Uncertainty;Unmanned aerial vehicles}, 
    doi={10.1109/ROBOT.2007.363616}, 
    ISSN={1050-4729}, 
    month={April},}

@INPROCEEDINGS{cheng, 
    author={Cheng Xing and Jinling Wang and Yaming Xu}, 
    booktitle={Information Engineering and Computer Science (ICIECS), 2010 2nd International Conference on}, 
    title={A Robust Method for Mosaicking Sequence Images Obtained from UAV}, 
    year={2010}, 
    pages={1-4}, 
    doi={10.1109/ICIECS.2010.5678358}, 
    ISSN={2156-7379}, 
    month={Dec},}

@INPROCEEDINGS{Pritt, 
        author={Pritt, M.D.}, 
        booktitle={Applied Imagery Pattern Recognition Workshop (AIPR), 2014 IEEE}, 
        title={Fast orthorectified mosaics of thousands of aerial photographs from small UAVs}, 
        year={2014}, 
        pages={1-8}, 
        keywords={autonomous aerial vehicles;geophysical image processing;image registration;image segmentation;Java applications;UAV camera field o in Toulon, Francef view;Windows PC;aerial photograph mosaic;block bundle adjustment;computational time requirements;control points;convergence;disaster response;fast orthorectified mosaic;final mosaic disk output;high resolution mosaics;image mosaicking application;image parameters;imagery disk read output;imaging terrain areas;iterative algorithm;memory
            time requirements;mosaicking process;pairwise image registration;power line maintenance;precision agriculture;satellites;seamless photo mosaic;small UAV;unmanned air vehicles;Cameras;Convergence;Global Positioning System;Image registration;Mathematical model;Minimization;Vectors;UAV;bundle adjustment;image registration;intersection;mosaic;photogrammetry;resection}, 
        doi={10.1109/AIPR.2014.7041928}, 
        month={Oct},}

@INPROCEEDINGS{Wong, 
    author={Wong, A. and Wen Zhang and Clausi, D.A.}, 
    booktitle={Computer and Robot Vision, 2009. CRV '09. Canadian Conference on}, 
    title={IceSynth: An Image Synthesis System for Sea-Ice Segmentation Evaluation}, 
    year={2009}, 
    pages={178-183}, 
    doi={10.1109/CRV.2009.27}, 
    month={May},}

@InProceedings{recognising,
   author =   {M. Brown and D. Lowe},
   title =      {Recognising Panoramas},
   booktitle = {Proceedings of the 9th International Conference on Computer Vision},
   pages =      {1218--1225},
   year =     {2003},
   volume =   {2},
   address =    {Nice},
   month =    {October},
}


@Article{autostitch,
      author =   {M. Brown and D. G. Lowe},
      title =    {Automatic Panoramic Image Stitching using Invariant Features},
      journal =  {International Journal of Computer Vision},
      year =     {2007},
      volume =   {74},
      number =   {1},
      pages =    {59--73},
}
@ARTICLE{Zitova,
        author = {B. Zitova and J. Flusser},
        title = {Image registration methods: a survey},
        journal = {Image and Vision Computing},
        year = {2003},
        volume = {21},
        pages = {977--1000}
}

@article{vousdoukas,
      title={A semi automatic technique for Rapid Environmental Assessment in the coastal zone using Small Unmanned Aerial Vehicles (SUAV)},
        author={Vousdoukas, MI and Pennucci, G and Holman, RA and Conley, DC},
          journal={Journal of Coastal Research},
            number={64},
              pages={1755},
                year={2011},
                  publisher={Allen Press Publishing Services}
}

@ARTICLE{Wang,
        author = {L. Qingyuan, L. Wenyang, J. Wang and Y. Liu},
        title = {A New Approach to Fast Mosaic UAV Images},
        journal = {International Archives of the Photogrammetry, Remote Sensing and Spatial Information Sciences},
        year = {2011},
        volume = {XXXVIII-1/C22},
}

@article{Kekec-real-time,
    title = "A new approach to real-time mosaicing of aerial images ",
    journal = "Robotics and Autonomous Systems ",
    volume = "62",
    number = "12",
    pages = "1755 - 1767",
    year = "2014",
    note = "",
    issn = "0921-8890",
    doi = "http://dx.doi.org/10.1016/j.robot.2014.07.010",
    url = "http://www.sciencedirect.com/science/article/pii/S0921889014001377",
    author = "Taygun Kekec and Alper Yildirim and Mustafa Unel",
    keywords = "Image mosaicing",
    keywords = "Bundle adjustment",
    keywords = "MLESAC",
    keywords = "Separating axis theorem",
    keywords = "Affine refinement",
    keywords = "Multi-band blending",
    keywords = "Gain compensation "
}

@INPROCEEDINGS{psuedo_zernike_mosaic, 
    author={Y. Zhanlong and C. Hang}, 
    booktitle={Signal Processing, Communication and Computing (ICSPCC), 2013 IEEE International Conference on}, 
    title={Image mosaics based on pseudo-Zernike moments}, 
    year={2013}, 
    pages={1-5}, 
    keywords={feature extraction;geometry;image fusion;image segmentation;transforms;Euclidean distance;Harris corner detector gain;RANSAC method;automatic image mosaics technique;feature extraction;feature-based algorithm;geometric transform model;image fusion;image stitching;mapping model;pseudoZernike moment;spurious feature point elimination;Computational modeling;Detectors;Educational institutions;Feature extraction;Noise;Polynomials;Transforms;corner detector;feature
              points;geometric transform;image mosaic;pseudo-Zernike moments}, 
    doi={10.1109/ICSPCC.2013.6664039}, 
    month={Aug},}


@INPROCEEDINGS{criticalreview, 
    author={K. S. V. Prathap and S. A. K. Jilani and P. R. Reddy}, 
    booktitle={2016 International Conference on Computer Communication and Informatics (ICCCI)}, 
    title={A critical review on Image Mosaicing}, 
    year={2016}, 
    pages={1-8}, 
    keywords={Hough transforms;edge detection;feature extraction;image registration;image segmentation;Hough transform;feature descriptors;feature detectors;feature extraction;homography computation;image blending;image gray levels;image mosaicing;image registration;image warping;multiple corner detector algorithms;Computers;Detectors;Feature extraction;Image edge detection;Image registration;Informatics;Real-time systems;Blending;Corner Detector;Homography;Image
              Registration;Mosaicing;Warping}, 
    doi={10.1109/ICCCI.2016.7480028}, 
    month={Jan},}





@MastersThesis{Norway,
        author = {Andreas Lindahl Flaten},
        title = {Experimental Monitoring of Sea Ice Using Unmanned Aerial Systems},
        school = {Norweigian University of Science and Technology},
        address = {Trondheim, Norway},
        year = {2015},
}
@INPROCEEDINGS{dudek, 
    author={F. Badra and A. Qumsieh and G. Dudek}, 
    booktitle={Applications of Computer Vision, 1998. WACV '98. Proceedings., Fourth IEEE Workshop on}, 
    title={Rotation and zooming in image mosaicing}, 
    year={1998}, 
    pages={50-55}, 
    keywords={computational geometry;image registration;Zernike moments;image mosaicing;rotation;rotational registration;rotational shifts;translational registration;translational shifts;zooming;Assembly;Biomedical imaging;Humans;Image segmentation;Medical diagnostic imaging;Medical robotics;Navigation;Terrain mapping;Testing;Virtual reality}, 
    doi={10.1109/ACV.1998.732857}, 
    month={Oct},}
@article{dudekold,
    author = {BADRA, FADY and QUMSIEH, ALA and DUDEK, GREGORY},
    title = {ROBUST MOSAICING USING ZERNIKE MOMENTS},
    journal = {International Journal of Pattern Recognition and Artificial Intelligence},
    volume = {13},
    number = {05},
    pages = {685-704},
    year = {1999},
    doi = {10.1142/S0218001499000409},

    URL = {http://www.worldscientific.com/doi/abs/10.1142/S0218001499000409},
    eprint = {http://www.worldscientific.com/doi/pdf/10.1142/S0218001499000409}
}

@INPROCEEDINGS{mosaicimu, 
    author={M. G. Prasad and S. Chandran and M. S. Brown}, 
    booktitle={2016 IEEE Winter Conference on Applications of Computer Vision (WACV)}, 
    title={Mosaicing scenes with a quadcopter}, 
    year={2016}, 
    pages={1-8}, 
    keywords={helicopters;image matching;image reconstruction;image segmentation;mobile robots;robot vision;stereo image processing;featureless spaces;inertial measurement unit;input image matching;panoramas;quadcopter;scene mosaicing;stereo image reconstruction;Calibration;Cameras;Measurement units;Smart phones;Software;Standards;Streaming media}, 
    doi={10.1109/WACV.2016.7477634}, 
    month={March}
}

@INPROCEEDINGS{MATISSE-realtime,
    author={A. G. Vincent and N. Pessel and M. Borgetto and J. Jouffroy and J. Opderbecke and V. Rigaud}, 
    booktitle={OCEANS 2003. Proceedings}, 
    title={Real-time geo-referenced video mosaicking with the MATISSE system}, 
    year={2003}, 
    volume={4}, 
    pages={2319-2324 Vol.4}, 
    keywords={computerised navigation;geophysical signal processing;image segmentation;real-time systems;seafloor phenomena;video signal processing;MATISSE system;Mosaicking Advanced Technologies Integrated Single Software Environment system;image processing;in-line geo-referenced video mosaics;navigation data;off-line geo-referenced video mosaics;real-time georeferenced video mosaicking;seabed;signal processing;video input;Cameras;Motion
              estimation;Navigation;Real time systems;Remotely operated vehicles;Robot vision systems;Robustness;Streaming media;Underwater vehicles;Video signal processing}, 
    doi={10.1109/OCEANS.2003.178271}, 
    month={Sept},}


@INPROCEEDINGS{MATISSE, 
    author={A. G. Allais and M. Borgett and J. Opderbecke and N. Pessel and V. Rigaud}, 
    booktitle={Proceedings of the Fourteenth International Offshore and Polar Engineering Conference in Toulon, France}, 
    title={Seabed Video Mosaicking With MATISSE: A Technical Overview And Cruise Results}, 
    year={2004}, 
    month={1}, 
}



@INPROCEEDINGS{Ferrer, 
    author={Ferrer, J. and Elibol, A. and Delaunoy, O. and Gracias, N. and Garcia, R.}, 
    title={Large-area photo-mosaics using global alignment and navigation data}, 
    booktitle={Proceedings of the MTS/IEEE Oceans 2007 Conference, Vancouver, British Columbia},
   pages={1-9}, 
   year={2007},
}


@INPROCEEDINGS{Fleischer, 
    author={Fleischer, S. D. and Wang, H. H. and Rock, S. M. and Lee, M. J.}, 
    title={ Video mosaicking along arbitrary vehicle paths}, 
    booktitle={Proceedings of the 1996 Symposium on Autonomous Underwater Vehicle Technology}, 
    year={1996},
    pages={ 293â€“299}, 
}


@ARTICLE{computermosaic, 
    author={D. L. Milgram}, 
    journal={IEEE Transactions on Computers}, 
    title={Computer Methods for Creating Photomosaics}, 
    year={1975}, 
    volume={C-24}, 
    number={11}, 
    pages={1113-1119}, 
    doi={10.1109/T-C.1975.224142}, 
    ISSN={0018-9340}, 
    month={Nov},}

@ARTICLE{featbased, 
    author={W. FÂ¨orstner.}, 
    journal={International Arch. Photogrammetry and Remote Sensing}, 
    title={A feature-based correspondence algorithm for
    image matching},
    year={1986}, 
    volume={26}, 
    number={3}, 
    pages={150-166}, 
}

@INPROCEEDINGS{Lucas81aniterative,
    author = {Lucas, Bruce D. and Kanade, Takeo},
     title = {An Iterative Image Registration Technique with an Application to Stereo Vision},
      booktitle = {Proceedings of the 7th International Joint Conference on Artificial Intelligence - Volume 2},
       series = {IJCAI'81},
        year = {1981},
         location = {Vancouver, BC, Canada},
          pages = {674--679},
           numpages = {6},
            url = {http://dl.acm.org/citation.cfm?id=1623264.1623280},
             acmid = {1623280},
              publisher = {Morgan Kaufmann Publishers Inc.},
               address = {San Francisco, CA, USA},}
@ARTICLE{gausskpt,
    author={C. Schmid and R. Mohr}, 
    journal={IEEE Transactions on Pattern Analysis and Machine Intelligence}, 
    title={Local grayvalue invariants for image retrieval}, 
    year={1997}, 
    volume={19}, 
    number={5}, 
    pages={530-535}, 
    keywords={image matching;indexing;information retrieval;visual databases;extraneous features;image retrieval;large image databases;local grayvalue invariants;partial visibility;semilocal constraints;similarity transformations;small perspective deformations;voting algorithm;Autocorrelation;Convolution;Image retrieval;Laplace equations;Layout;Robustness;Smoothing methods;Tensile stress}, 
    doi={10.1109/34.589215}, 
    ISSN={0162-8828}, 
    month={May},}

@ARTICLE{Barnea, 
    author={D. I. Barnea and H. F. Silverman}, 
    journal={IEEE Transactions on Computers}, 
    title={A Class of Algorithms for Fast Digital Image Registration}, 
    year={1972}, 
    volume={C-21}, 
    number={2}, 
    pages={179-186}, 
    keywords={Correlation;Detection algorithms;Digital images;Helium;Image processing;Image registration;Pattern recognition;Satellites;Registration efficiency;sequential similarity detection algorithms;spatial cross correlation;spatial registration of digital images}, 
    doi={10.1109/TC.1972.5008923}, 
    ISSN={0018-9340}, 
    month={Feb},}

@INPROCEEDINGS{Szeliski-video, 
    author={D. Steedly and C. Pal and R. Szeliski}, 
    booktitle={Tenth IEEE International Conference on Computer Vision (ICCV'05) Volume 1}, 
    title={Efficiently registering video into panoramic mosaics}, 
    year={2005}, 
    volume={2}, 
    pages={1300-1307 Vol. 2}, 
    keywords={image registration;image sequences;image orientations;image stitchers;image-to-image overlap;panoramic mosaics;video frames;video registration;video sequences;Computational efficiency;Computer vision;Costs;Digital cameras;Dynamic range;Image coding;Robustness;Software quality;Video compression;Video sequences}, 
    doi={10.1109/ICCV.2005.86}, 
    ISSN={1550-5499}, 
    month={Oct},}

@INPROCEEDINGS{Szeliski97,
        author = {Richard Szeliski and Heung-Yeung Shum},
        title = {Creating Full View Panoramic Image Mosaics and Environment Maps},
    booktitle={SIGGRAPH '97: Proceedings of the 24th Annual conference on Computer Graphics and Interactive Techniques}, 
        year = {1997},
        pages={251-258}, 
}

@ARTICLE{Szeliski00,
        author = {Heung-yeung Shum and Richard Szeliski},
            title = {Construction of panoramic image mosaics with global and local alignment},
                journal = {International Journal of Computer Vision,36(2):101},
                    year = {2000}
}
@INPROCEEDINGS{Skeliski-ghost, 
    author={M. Uyttendaele and A. Eden and R. Skeliski}, 
    booktitle={Computer Vision and Pattern Recognition, 2001. CVPR 2001. Proceedings of the 2001 IEEE Computer Society Conference on}, 
    title={Eliminating ghosting and exposure artifacts in image mosaics}, 
    year={2001}, 
    volume={2}, 
    pages={II-509-II-516 vol.2}, 
    keywords={image segmentation;splines (mathematics);automatic image stitching;dynamic scene;exposure artifacts;exposure corrections;ghosting elimination;high-quality software;image mosaics;panoramic photography;spatially continuous exposure adjustment;spline;Brightness;Displays;Head;Image motion analysis;Layout;Optical computing;Optical filters;Photography;Pixel}, 
    doi={10.1109/CVPR.2001.991005}, 
    ISSN={1063-6919}, 
    month={},}


@INPROCEEDINGS{Szeliski-3D, 
    author={Heung-Yeung Shum and Mei Han and R. Szeliski}, 
    booktitle={Computer Vision and Pattern Recognition, 1998. Proceedings. 1998 IEEE Computer Society Conference on}, 
    title={Interactive construction of 3D models from panoramic mosaics}, 
    year={1998}, 
    pages={427-433}, 
    keywords={image reconstruction;3D models;QR factorization;image reconstruction;interactive modeling;panoramic image mosaics;transformation matrix;Buildings;Calibration;Cameras;Computer vision;Image reconstruction;Layout;Lenses;Robot vision systems;Solid modeling;Wire}, 
    doi={10.1109/CVPR.1998.698641}, 
    ISSN={1063-6919}, 
    month={Jun},}

@INPROCEEDINGS{Szeliski-refine, 
    author={Heung-Yeung Shum and R. Szeliski}, 
    booktitle={Computer Vision, 1998. Sixth International Conference on}, 
    title={Construction and refinement of panoramic mosaics with global and local alignment}, 
    year={1998}, 
    pages={953-956}, 
    keywords={computer vision;image registration;image sequences;global alignment;image mosaics;images sequence;local alignment;motion parallax;pairwise local image registrations;panoramic mosaics;registration errors;rotation matrix;Application software;Cameras;Computer graphics;Computer vision;Image processing;Image registration;Layout;Motion estimation;Optical losses;Rendering (computer graphics)}, 
    doi={10.1109/ICCV.1998.710831}, 
    month={Jan},}

@INPROCEEDINGS{Szeliski-direct, 
    author={R. Szeliski and Sing Bing Kang}, 
    booktitle={Representation of Visual Scenes, 1995. (In Conjuction with ICCV'95), Proceedings IEEE Workshop on}, 
    title={Direct methods for visual scene reconstruction}, 
    year={1995}, 
    pages={26-33}, 
    keywords={computational geometry;image reconstruction;image registration;image sequences;least squares approximations;realistic images;algorithms;high-resolution images;least-squares estimation problem;motion parameters;multiple image registration;panoramic mosaics;photorealistic 3D scenes;planar mosaics;projective depth recovery;statistically optimal estimates;three dimensional scenes;unknown structure parameters;video sequences;visual scene
              reconstruction;Cameras;Focusing;Image reconstruction;Layout;Motion estimation;Object recognition;Shape;Video compression;Video sequences;Virtual reality}, 
    doi={10.1109/WVRS.1995.476849}, 
    month={Jun},}




@INPROCEEDINGS{multiscalepatch, 
    author={M. Brown and R. Szeliski and S. Winder}, 
    booktitle={2005 IEEE Computer Society Conference on Computer Vision and Pattern Recognition (CVPR'05)}, 
    title={Multi-image matching using multi-scale oriented patches}, 
    year={2005}, 
    volume={1}, 
    pages={510-517 vol. 1}, 
    keywords={Haar transforms;feature extraction;image matching;wavelet transforms;adaptive nonmaximal suppression;blurred local gradient;discrete scale-space;low frequency Haar wavelet coefficient;multiimage matching;multiscale oriented patches;multiview matching framework;nearest neighbour algorithm;spatial distribution;Adaptive control;Automatic testing;Computer science;Computer vision;Detectors;Frequency;Indexing;Phase detection;Programmable control;Wavelet
              coefficients}, 
    doi={10.1109/CVPR.2005.235}, 
    ISSN={1063-6919}, 
    month={June},}


@ARTICLE{milgram2, 
    author={D. L. Milgram}, 
    journal={IEEE Transactions on Computers}, 
    title={Adaptive techniques for photomosaicking},
    year={1977}, 
    volume={26}, 
    number={11}, 
    pages={1175-1180}, 
}
@misc{enblend,
      title = {Enblend 4.0},
     howpublished ={http://enblend.sourceforge.net/enblend.doc/enblend\_4.1.pdf },
     year={2010},
     publisher = {sourcefourge},
     author={Dersch},
      note = {Accessed: 2016-03-30}
}

@misc{Autopano,
      title = {Autopano},
     howpublished ={http://www.kolor.com/autopano/},
     year={2004},
     author={Alexandre Jenny, Lionel Laissus},
      note = {Accessed: 2015-10-08}
}

@misc{PhotoScan,
      title = {PhotoScan},
     howpublished ={http://www.agisoft.com/},
     year={2006},
     author={Agisoft},
      note = {Accessed: 2015-10-08}
}




@ARTICLE{Burt83thelaplacian,
        author = {Peter J. Burt and Edward H. Adelson},
  title = {The Laplacian Pyramid as a Compact Image Code},
      journal = {IEEE TRANSACTIONS ON COMMUNICATIONS},
          year = {1983},
              volume = {31},
                  pages = {532--540}
}
\end{thebibliography}

